@article{slack2006administraccao,
  title={Administra{\c{c}}{\~a}o da produ{\c{c}}{\~a}o. --10. reimpr},
  author={Slack, Nigel and Chambers, Stuart and Johnston, Robert},
  journal={S{\~a}o Paulo: Atlas},
  year={2006}
}

@book{correa2000administraccao,
  title={Administra{\c{c}}{\~a}o de Produ{\c{c}}{\~a}o E Opera{\c{c}}{\~o}es: Manufatura E Servi{\c{c}}os: Uma Abordagem Estrat{\'e}gica .},
  author={Corr{\^e}a, Henrique L and Corr{\^e}a, Carlos A},
  year={2000},
  publisher={Editora Atlas SA}
}

@book{slack2009administraccao,
  title={Administra{\c{c}}{\~a}o da produ{\c{c}}{\~a}o},
  author={Slack, Nigel and Chambers, Stuart and Johnston, Robert and others},
  volume={2},
  year={2009},
  publisher={Atlas S{\~a}o Paulo}
}